<record><leader>00000cas a22000007a 4500</leader><controlfield tag="001">13362341</controlfield><controlfield tag="008">860329u197uuuuuhiusr ne      0    0eng d</controlfield><datafield ind1=" " ind2=" " tag="010"><subfield code="a">sn 85047297 </subfield></datafield><datafield ind1=" " ind2=" " tag="040"><subfield code="a">HWN</subfield><subfield code="b">eng</subfield><subfield code="c">HWN</subfield><subfield code="d">OCLCQ</subfield><subfield code="d">OCLCF</subfield><subfield code="d">OCLCO</subfield></datafield><datafield ind1="1" ind2=" " tag="029"><subfield code="a">AU@</subfield><subfield code="b">000025836821</subfield></datafield><datafield ind1=" " ind2=" " tag="042"><subfield code="a">msc</subfield></datafield><datafield ind1=" " ind2=" " tag="043"><subfield code="a">n-us-hi</subfield></datafield><datafield ind1="0" ind2="4" tag="245"><subfield code="a">The Kamehameha times.</subfield></datafield><datafield ind1=" " ind2=" " tag="260"><subfield code="a">[Kapaau, Hawaii?] :</subfield><subfield code="b">Kohala PTSA</subfield></datafield><datafield ind1=" " ind2=" " tag="300"><subfield code="a">v. ;</subfield><subfield code="c">28 cm.</subfield></datafield><datafield ind1=" " ind2=" " tag="310"><subfield code="a">Semimonthly</subfield></datafield><datafield ind1=" " ind2=" " tag="550"><subfield code="a">Issued by Kohala Community Association, &lt;1979-</subfield></datafield><datafield ind1=" " ind2=" " tag="588"><subfield code="a">Description based on: Vol. 3, issue 7 (Mar. 30, 1979).</subfield></datafield><datafield ind1=" " ind2="0" tag="651"><subfield code="a">Kapaau (Hawaii)</subfield><subfield code="v">Periodicals.</subfield></datafield><datafield ind1=" " ind2="7" tag="655"><subfield code="a">Periodicals.</subfield><subfield code="2">fast</subfield><subfield code="0">(OCoLC)fst01411641</subfield></datafield><datafield ind1=" " ind2="7" tag="651"><subfield code="a">Hawaii</subfield><subfield code="z">Kapaau.</subfield><subfield code="2">fast</subfield><subfield code="0">(OCoLC)fst01247048</subfield></datafield><datafield ind1="2" ind2=" " tag="710"><subfield code="a">Kohala Community Association.</subfield></datafield><datafield ind1=" " ind2=" " tag="752"><subfield code="a">United States</subfield><subfield code="b">Hawaii</subfield><subfield code="c">Hawaii</subfield><subfield code="d">Kapaau.</subfield></datafield></record>